@article{kiran2021deep,
  title={Deep reinforcement learning for autonomous driving: A survey},
  author={Kiran, B Ravi and Sobh, Ibrahim and Talpaert, Victor and Mannion, Patrick and Al Sallab, Ahmad A and Yogamani, Senthil and P{\'e}rez, Patrick},
  journal={IEEE Transactions on Intelligent Transportation Systems},
  volume={23},
  number={6},
  pages={4909--4926},
  year={2021},
  publisher={IEEE}
}

@inproceedings{taylor2020learning,
  title={Learning for safety-critical control with control barrier functions},
  author={Taylor, Andrew and Singletary, Andrew and Yue, Yisong and Ames, Aaron},
  booktitle={Learning for Dynamics and Control},
  pages={708--717},
  year={2020},
  organization={PMLR}
}

@article{garcia2015comprehensive,
  title={A comprehensive survey on safe reinforcement learning},
  author={Garc{\i}a, Javier and Fern{\'a}ndez, Fernando},
  journal={Journal of Machine Learning Research},
  volume={16},
  number={1},
  pages={1437--1480},
  year={2015}
}

@inproceedings{zhang2021model,
  title={Model-based reinforcement learning with provable safety guarantees via control barrier functions},
  author={Zhang, Hongchao and Li, Zhouchi and Clark, Andrew},
  booktitle={2021 IEEE International Conference on Robotics and Automation (ICRA)},
  pages={792--798},
  year={2021},
  organization={IEEE}
}

@inproceedings{ames2019control,
  title={Control barrier functions: Theory and applications},
  author={Ames, Aaron D and Coogan, Samuel and Egerstedt, Magnus and Notomista, Gennaro and Sreenath, Koushil and Tabuada, Paulo},
  booktitle={2019 18th European control conference (ECC)},
  pages={3420--3431},
  year={2019},
  organization={IEEE}
}

@article{ames2016control,
  title={Control barrier function based quadratic programs for safety critical systems},
  author={Ames, Aaron D and Xu, Xiangru and Grizzle, Jessy W and Tabuada, Paulo},
  journal={IEEE Transactions on Automatic Control},
  volume={62},
  number={8},
  pages={3861--3876},
  year={2016},
  publisher={IEEE}
}

@inproceedings{cheng2019end,
  title={End-to-end safe reinforcement learning through barrier functions for safety-critical continuous control tasks},
  author={Cheng, Richard and Orosz, G{\'a}bor and Murray, Richard M and Burdick, Joel W},
  booktitle={Proceedings of the AAAI conference on artificial intelligence},
  volume={33},
  pages={3387--3395},
  year={2019}
}

@inproceedings{schulman2015trust,
  title={Trust region policy optimization},
  author={Schulman, John and Levine, Sergey and Abbeel, Pieter and Jordan, Michael and Moritz, Philipp},
  booktitle={International conference on machine learning},
  pages={1889--1897},
  year={2015},
  organization={PMLR}
}

@article{lillicrap2015continuous,
  title={Continuous control with deep reinforcement learning},
  author={Lillicrap, Timothy P and Hunt, Jonathan J and Pritzel, Alexander and Heess, Nicolas and Erez, Tom and Tassa, Yuval and Silver, David and Wierstra, Daan},
  journal={arXiv preprint arXiv:1509.02971},
  year={2015}
}

@article{lederer2019uniform,
  title={Uniform error bounds for gaussian process regression with application to safe control},
  author={Lederer, Armin and Umlauft, Jonas and Hirche, Sandra},
  journal={Advances in Neural Information Processing Systems},
  volume={32},
  year={2019}
}

@inproceedings{deisenroth2011pilco,
  title={PILCO: A model-based and data-efficient approach to policy search},
  author={Deisenroth, Marc and Rasmussen, Carl E},
  booktitle={Proceedings of the 28th International Conference on machine learning (ICML-11)},
  pages={465--472},
  year={2011}
}

@article{marvi2021safe,
  title={Safe reinforcement learning: A control barrier function optimization approach},
  author={Marvi, Zahra and Kiumarsi, Bahare},
  journal={International Journal of Robust and Nonlinear Control},
  volume={31},
  number={6},
  pages={1923--1940},
  year={2021},
  publisher={Wiley Online Library}
}

@inproceedings{ma2021model,
  title={Model-based constrained reinforcement learning using generalized control barrier function},
  author={Ma, Haitong and Chen, Jianyu and Eben, Shengbo and Lin, Ziyu and Guan, Yang and Ren, Yangang and Zheng, Sifa},
  booktitle={2021 IEEE/RSJ International Conference on Intelligent Robots and Systems (IROS)},
  pages={4552--4559},
  year={2021},
  organization={IEEE}
}

@article{emam2021safe,
  title={Safe model-based reinforcement learning using robust control barrier functions},
  author={Emam, Yousef and Glotfelter, Paul and Kira, Zsolt and Egerstedt, Magnus},
  journal={arXiv preprint arXiv:2110.05415},
  year={2021}
}

@article{choi2020reinforcement,
  title={Reinforcement learning for safety-critical control under model uncertainty, using control lyapunov functions and control barrier functions},
  author={Choi, Jason and Castaneda, Fernando and Tomlin, Claire J and Sreenath, Koushil},
  journal={arXiv preprint arXiv:2004.07584},
  year={2020}
}